[
  {
    "symbol": "AVAXUSDT",
    "timestamp": "2025-08-22T09:55:27.449328",
    "current_price": 22.904,
    "volatility_1h": 0.19773349856113306,
    "volume_ratio": 0.9947145431521476,
    "price_movement_5min": 0.06116207951070051,
    "is_round_level": false,
    "orders_count": 2,
    "orders": [
      {
        "symbol": "AVAXUSDT",
        "type": "ASK",
        "price": 23.095,
        "quantity": 33502.0,
        "usd_value": 773728.69,
        "distance_percent": 0.8339154732797718,
        "size_vs_average": 41.765600374199806,
        "orders_around_price": 44,
        "timestamp": "2025-08-22T09:55:27.448913",
        "rank_in_side": 1,
        "first_seen": "2025-08-22T09:55:27.449688",
        "last_seen": "2025-08-22T09:55:27.449688",
        "is_persistent": false,
        "scan_count": 1,
        "lifetime_minutes": 0
      },
      {
        "symbol": "AVAXUSDT",
        "type": "BID",
        "price": 22.725,
        "quantity": 35180.0,
        "usd_value": 799465.5,
        "distance_percent": -0.7815228780998886,
        "size_vs_average": 43.15486425346311,
        "orders_around_price": 45,
        "timestamp": "2025-08-22T09:55:27.449089",
        "rank_in_side": 1,
        "first_seen": "2025-08-22T09:55:27.449688",
        "last_seen": "2025-08-22T09:55:27.449688",
        "is_persistent": false,
        "scan_count": 1,
        "lifetime_minutes": 0
      }
    ]
  },
  {
    "symbol": "TRUMPUSDT",
    "timestamp": "2025-08-22T09:55:28.720709",
    "current_price": 8.439,
    "volatility_1h": 0.10552622269518937,
    "volume_ratio": 0.9934069558146308,
    "price_movement_5min": 0.02370510845087908,
    "is_round_level": false,
    "orders_count": 1,
    "orders": [
      {
        "symbol": "TRUMPUSDT",
        "type": "BID",
        "price": 8.1,
        "quantity": 219597.2,
        "usd_value": 1778737.32,
        "distance_percent": -4.017063633131893,
        "size_vs_average": 142.4115701072642,
        "orders_around_price": 17,
        "timestamp": "2025-08-22T09:55:28.720509",
        "rank_in_side": 1,
        "first_seen": "2025-08-22T09:52:25.375593",
        "last_seen": "2025-08-22T09:55:28.721211",
        "is_persistent": true,
        "scan_count": 3,
        "lifetime_minutes": 3.1
      }
    ]
  },
  {
    "symbol": "ARBUSDT",
    "timestamp": "2025-08-22T09:55:28.734451",
    "current_price": 0.4956,
    "volatility_1h": 0.2580590315293927,
    "volume_ratio": 0.9984490431541239,
    "price_movement_5min": 0.12121212121211909,
    "is_round_level": false,
    "orders_count": 1,
    "orders": [
      {
        "symbol": "ARBUSDT",
        "type": "BID",
        "price": 0.4847,
        "quantity": 1255180.9,
        "usd_value": 608386.18223,
        "distance_percent": -2.1993543179983788,
        "size_vs_average": 46.790595940019976,
        "orders_around_price": 9,
        "timestamp": "2025-08-22T09:55:28.734263",
        "rank_in_side": 1,
        "first_seen": "2025-08-22T09:55:28.744072",
        "last_seen": "2025-08-22T09:55:28.744072",
        "is_persistent": false,
        "scan_count": 1,
        "lifetime_minutes": 0
      }
    ]
  },
  {
    "symbol": "LTCUSDT",
    "timestamp": "2025-08-22T09:55:32.275845",
    "current_price": 115.88,
    "volatility_1h": 0.15517503431377058,
    "volume_ratio": 1.0069106336258111,
    "price_movement_5min": 0.0518045242617875,
    "is_round_level": false,
    "orders_count": 1,
    "orders": [
      {
        "symbol": "LTCUSDT",
        "type": "BID",
        "price": 112.5,
        "quantity": 5147.039,
        "usd_value": 579041.8875,
        "distance_percent": -2.9168104936140797,
        "size_vs_average": 23.652499139956767,
        "orders_around_price": 23,
        "timestamp": "2025-08-22T09:55:32.275597",
        "rank_in_side": 1,
        "first_seen": "2025-08-22T09:55:32.276598",
        "last_seen": "2025-08-22T09:55:32.276598",
        "is_persistent": false,
        "scan_count": 1,
        "lifetime_minutes": 0
      }
    ]
  },
  {
    "symbol": "WIFUSDT",
    "timestamp": "2025-08-22T09:53:38.025600",
    "current_price": 0.8374,
    "volatility_1h": 0.18179171199192656,
    "volume_ratio": 0.9856495393409533,
    "price_movement_5min": -0.05967299200381251,
    "is_round_level": false,
    "orders_count": 1,
    "orders": [
      {
        "symbol": "WIFUSDT",
        "type": "BID",
        "price": 0.7861,
        "quantity": 637225.2,
        "usd_value": 500922.72972,
        "distance_percent": -6.126104609505614,
        "size_vs_average": 39.03494942326242,
        "orders_around_price": 10,
        "timestamp": "2025-08-22T09:53:38.025446",
        "rank_in_side": 1,
        "first_seen": "2025-08-22T09:52:27.539385",
        "last_seen": "2025-08-22T09:53:38.026021",
        "is_persistent": true,
        "scan_count": 2,
        "lifetime_minutes": 1.2
      }
    ]
  },
  {
    "symbol": "AEROUSDT",
    "timestamp": "2025-08-22T09:55:33.629181",
    "current_price": 1.3529,
    "volatility_1h": 0.2332005972912079,
    "volume_ratio": 0.9722973063312946,
    "price_movement_5min": 0.06656804733727077,
    "is_round_level": false,
    "orders_count": 1,
    "orders": [
      {
        "symbol": "AEROUSDT",
        "type": "BID",
        "price": 1.31,
        "quantity": 430765.3,
        "usd_value": 564302.5430000001,
        "distance_percent": -3.1709660728804745,
        "size_vs_average": 181.8453751406568,
        "orders_around_price": 17,
        "timestamp": "2025-08-22T09:55:33.628911",
        "rank_in_side": 1,
        "first_seen": "2025-08-22T09:53:38.653064",
        "last_seen": "2025-08-22T09:55:33.629817",
        "is_persistent": true,
        "scan_count": 2,
        "lifetime_minutes": 1.9
      }
    ]
  },
  {
    "symbol": "DOTUSDT",
    "timestamp": "2025-08-22T09:55:37.744915",
    "current_price": 3.818,
    "volatility_1h": 0.12661546098425128,
    "volume_ratio": 0.9996746358269379,
    "price_movement_5min": 0.026198585276392187,
    "is_round_level": false,
    "orders_count": 3,
    "orders": [
      {
        "symbol": "DOTUSDT",
        "type": "BID",
        "price": 3.61,
        "quantity": 313840.7,
        "usd_value": 1132964.927,
        "distance_percent": -5.447878470403357,
        "size_vs_average": 44.029595945754586,
        "orders_around_price": 7,
        "timestamp": "2025-08-22T09:55:37.744143",
        "rank_in_side": 1,
        "first_seen": "2025-08-22T09:52:30.253683",
        "last_seen": "2025-08-22T09:55:37.745305",
        "is_persistent": true,
        "scan_count": 3,
        "lifetime_minutes": 3.1
      },
      {
        "symbol": "DOTUSDT",
        "type": "BID",
        "price": 3.56,
        "quantity": 307578.8,
        "usd_value": 1094980.528,
        "distance_percent": -6.75746464117339,
        "size_vs_average": 42.553435739594626,
        "orders_around_price": 7,
        "timestamp": "2025-08-22T09:55:37.744272",
        "rank_in_side": 2,
        "first_seen": "2025-08-22T09:52:30.253683",
        "last_seen": "2025-08-22T09:55:37.745305",
        "is_persistent": true,
        "scan_count": 3,
        "lifetime_minutes": 3.1
      },
      {
        "symbol": "DOTUSDT",
        "type": "BID",
        "price": 3.51,
        "quantity": 310254.7,
        "usd_value": 1088993.997,
        "distance_percent": -8.067050811943432,
        "size_vs_average": 42.32078551824604,
        "orders_around_price": 7,
        "timestamp": "2025-08-22T09:55:37.744391",
        "rank_in_side": 3,
        "first_seen": "2025-08-22T09:52:30.253683",
        "last_seen": "2025-08-22T09:55:37.745305",
        "is_persistent": true,
        "scan_count": 3,
        "lifetime_minutes": 3.1
      }
    ]
  },
  {
    "symbol": "FHEUSDT",
    "timestamp": "2025-08-22T09:54:00.234042",
    "current_price": 0.04706,
    "volatility_1h": 0.2947954342585461,
    "volume_ratio": 0.9616895717172728,
    "price_movement_5min": 0.6846384253316236,
    "is_round_level": false,
    "orders_count": 1,
    "orders": [
      {
        "symbol": "FHEUSDT",
        "type": "BID",
        "price": 0.0441,
        "quantity": 26253420.0,
        "usd_value": 1157775.822,
        "distance_percent": -6.289842753931146,
        "size_vs_average": 427.22223314990276,
        "orders_around_price": 8,
        "timestamp": "2025-08-22T09:54:00.233827",
        "rank_in_side": 1,
        "first_seen": "2025-08-22T09:54:00.234797",
        "last_seen": "2025-08-22T09:54:00.234797",
        "is_persistent": false,
        "scan_count": 1,
        "lifetime_minutes": 0
      }
    ]
  },
  {
    "symbol": "ALCHUSDT",
    "timestamp": "2025-08-22T09:54:06.431789",
    "current_price": 0.12341,
    "volatility_1h": 0.25019855784009964,
    "volume_ratio": 0.9860852825001859,
    "price_movement_5min": -0.18602394047233428,
    "is_round_level": false,
    "orders_count": 1,
    "orders": [
      {
        "symbol": "ALCHUSDT",
        "type": "BID",
        "price": 0.115,
        "quantity": 5075517.0,
        "usd_value": 583684.4550000001,
        "distance_percent": -6.814682764767848,
        "size_vs_average": 396.2062445293512,
        "orders_around_price": 8,
        "timestamp": "2025-08-22T09:54:06.431630",
        "rank_in_side": 1,
        "first_seen": "2025-08-22T09:52:48.150493",
        "last_seen": "2025-08-22T09:54:06.432164",
        "is_persistent": true,
        "scan_count": 2,
        "lifetime_minutes": 1.3
      }
    ]
  },
  {
    "symbol": "SUSDT",
    "timestamp": "2025-08-22T09:54:07.094300",
    "current_price": 0.3203,
    "volatility_1h": 0.24301523341967915,
    "volume_ratio": 1.0036381050246048,
    "price_movement_5min": 0.031230480949403183,
    "is_round_level": false,
    "orders_count": 1,
    "orders": [
      {
        "symbol": "SUSDT",
        "type": "BID",
        "price": 0.29,
        "quantity": 1911443.0,
        "usd_value": 554318.47,
        "distance_percent": -9.459881361223852,
        "size_vs_average": 109.05513967113797,
        "orders_around_price": 4,
        "timestamp": "2025-08-22T09:54:07.094041",
        "rank_in_side": 1,
        "first_seen": "2025-08-22T09:52:48.835140",
        "last_seen": "2025-08-22T09:54:07.095025",
        "is_persistent": true,
        "scan_count": 2,
        "lifetime_minutes": 1.3
      }
    ]
  },
  {
    "symbol": "USDCUSDT",
    "timestamp": "2025-08-22T09:54:33.956388",
    "current_price": 0.999643,
    "volatility_1h": 0.00527756527255466,
    "volume_ratio": 1.0001561021346883,
    "price_movement_5min": 0.0,
    "is_round_level": false,
    "orders_count": 2,
    "orders": [
      {
        "symbol": "USDCUSDT",
        "type": "ASK",
        "price": 1.01,
        "quantity": 501698.0,
        "usd_value": 506714.98,
        "distance_percent": 1.0360698769460759,
        "size_vs_average": 105.68721767749085,
        "orders_around_price": 27,
        "timestamp": "2025-08-22T09:54:33.956124",
        "rank_in_side": 1,
        "first_seen": "2025-08-22T09:53:05.391633",
        "last_seen": "2025-08-22T09:54:33.956798",
        "is_persistent": true,
        "scan_count": 2,
        "lifetime_minutes": 1.5
      },
      {
        "symbol": "USDCUSDT",
        "type": "BID",
        "price": 0.995,
        "quantity": 530537.0,
        "usd_value": 527884.315,
        "distance_percent": -0.46446581429569883,
        "size_vs_average": 110.10257582662771,
        "orders_around_price": 49,
        "timestamp": "2025-08-22T09:54:33.956241",
        "rank_in_side": 1,
        "first_seen": "2025-08-22T09:53:05.391633",
        "last_seen": "2025-08-22T09:54:33.956798",
        "is_persistent": true,
        "scan_count": 2,
        "lifetime_minutes": 1.5
      }
    ]
  },
  {
    "symbol": "KAVAUSDT",
    "timestamp": "2025-08-22T09:54:57.672475",
    "current_price": 0.3715,
    "volatility_1h": 0.07403032079827009,
    "volume_ratio": 0.9998769192058138,
    "price_movement_5min": 0.10778765831312624,
    "is_round_level": true,
    "orders_count": 2,
    "orders": [
      {
        "symbol": "KAVAUSDT",
        "type": "BID",
        "price": 0.3634,
        "quantity": 5838697.9,
        "usd_value": 2121782.81686,
        "distance_percent": -2.180349932705248,
        "size_vs_average": 304.0840312138927,
        "orders_around_price": 7,
        "timestamp": "2025-08-22T09:54:57.672019",
        "rank_in_side": 1,
        "first_seen": "2025-08-22T09:53:18.971263",
        "last_seen": "2025-08-22T09:54:57.673042",
        "is_persistent": true,
        "scan_count": 2,
        "lifetime_minutes": 1.6
      },
      {
        "symbol": "KAVAUSDT",
        "type": "BID",
        "price": 0.363,
        "quantity": 2731248.1,
        "usd_value": 991443.0603,
        "distance_percent": -2.288021534320325,
        "size_vs_average": 142.08900180519979,
        "orders_around_price": 7,
        "timestamp": "2025-08-22T09:54:57.672061",
        "rank_in_side": 2,
        "first_seen": "2025-08-22T09:53:18.971263",
        "last_seen": "2025-08-22T09:54:57.673042",
        "is_persistent": true,
        "scan_count": 2,
        "lifetime_minutes": 1.6
      }
    ]
  },
  {
    "symbol": "XRPUSDT",
    "timestamp": "2025-08-22T09:55:21.467391",
    "current_price": 2.8539,
    "volatility_1h": 0.12489560816382467,
    "volume_ratio": 0.9912302515045596,
    "price_movement_5min": 0.03505205229765817,
    "is_round_level": false,
    "orders_count": 6,
    "orders": [
      {
        "symbol": "XRPUSDT",
        "type": "ASK",
        "price": 2.877,
        "quantity": 370402.0,
        "usd_value": 1065646.554,
        "distance_percent": 0.8094186902133886,
        "size_vs_average": 17.09878315581345,
        "orders_around_price": 57,
        "timestamp": "2025-08-22T09:55:21.466600",
        "rank_in_side": 1,
        "first_seen": "2025-08-22T09:55:21.467892",
        "last_seen": "2025-08-22T09:55:21.467892",
        "is_persistent": false,
        "scan_count": 1,
        "lifetime_minutes": 0
      },
      {
        "symbol": "XRPUSDT",
        "type": "ASK",
        "price": 2.8679,
        "quantity": 281461.5,
        "usd_value": 807203.43585,
        "distance_percent": 0.49055678194751867,
        "size_vs_average": 12.95194589652539,
        "orders_around_price": 57,
        "timestamp": "2025-08-22T09:55:21.466517",
        "rank_in_side": 2,
        "first_seen": "2025-08-22T09:55:21.467892",
        "last_seen": "2025-08-22T09:55:21.467892",
        "is_persistent": false,
        "scan_count": 1,
        "lifetime_minutes": 0
      },
      {
        "symbol": "XRPUSDT",
        "type": "ASK",
        "price": 2.8785,
        "quantity": 218380.3,
        "usd_value": 628607.69355,
        "distance_percent": 0.8619783454220524,
        "size_vs_average": 10.086296062932215,
        "orders_around_price": 57,
        "timestamp": "2025-08-22T09:55:21.466665",
        "rank_in_side": 3,
        "first_seen": "2025-08-22T09:55:21.467892",
        "last_seen": "2025-08-22T09:55:21.467892",
        "is_persistent": false,
        "scan_count": 1,
        "lifetime_minutes": 0
      },
      {
        "symbol": "XRPUSDT",
        "type": "BID",
        "price": 2.82,
        "quantity": 372432.0,
        "usd_value": 1050258.24,
        "distance_percent": -1.1878482077157588,
        "size_vs_average": 16.85187066570881,
        "orders_around_price": 57,
        "timestamp": "2025-08-22T09:55:21.467070",
        "rank_in_side": 1,
        "first_seen": "2025-08-22T09:55:21.467892",
        "last_seen": "2025-08-22T09:55:21.467892",
        "is_persistent": false,
        "scan_count": 1,
        "lifetime_minutes": 0
      },
      {
        "symbol": "XRPUSDT",
        "type": "BID",
        "price": 2.8286,
        "quantity": 327041.6,
        "usd_value": 925069.8697599999,
        "distance_percent": -0.8865061845194332,
        "size_vs_average": 14.843166383478803,
        "orders_around_price": 57,
        "timestamp": "2025-08-22T09:55:21.467007",
        "rank_in_side": 2,
        "first_seen": "2025-08-22T09:55:21.467892",
        "last_seen": "2025-08-22T09:55:21.467892",
        "is_persistent": false,
        "scan_count": 1,
        "lifetime_minutes": 0
      },
      {
        "symbol": "XRPUSDT",
        "type": "BID",
        "price": 2.81,
        "quantity": 233573.5,
        "usd_value": 656341.535,
        "distance_percent": -1.5382459091068303,
        "size_vs_average": 10.53129815039851,
        "orders_around_price": 57,
        "timestamp": "2025-08-22T09:55:21.467185",
        "rank_in_side": 3,
        "first_seen": "2025-08-22T09:55:21.467892",
        "last_seen": "2025-08-22T09:55:21.467892",
        "is_persistent": false,
        "scan_count": 1,
        "lifetime_minutes": 0
      }
    ]
  },
  {
    "symbol": "DOGEUSDT",
    "timestamp": "2025-08-22T09:55:21.485059",
    "current_price": 0.21631,
    "volatility_1h": 0.1972068178227999,
    "volume_ratio": 0.9957125486793241,
    "price_movement_5min": 0.05087881591119287,
    "is_round_level": false,
    "orders_count": 1,
    "orders": [
      {
        "symbol": "DOGEUSDT",
        "type": "BID",
        "price": 0.21376,
        "quantity": 2859254.0,
        "usd_value": 611194.13504,
        "distance_percent": -1.1788636678840538,
        "size_vs_average": 12.040535987582198,
        "orders_around_price": 43,
        "timestamp": "2025-08-22T09:55:21.484923",
        "rank_in_side": 1,
        "first_seen": "2025-08-22T09:53:31.474352",
        "last_seen": "2025-08-22T09:55:21.494667",
        "is_persistent": true,
        "scan_count": 2,
        "lifetime_minutes": 1.8
      }
    ]
  },
  {
    "symbol": "SOLUSDT",
    "timestamp": "2025-08-22T09:55:21.690112",
    "current_price": 183.03,
    "volatility_1h": 0.12364488765562807,
    "volume_ratio": 1.0004752735575035,
    "price_movement_5min": 0.054665719127532014,
    "is_round_level": false,
    "orders_count": 6,
    "orders": [
      {
        "symbol": "SOLUSDT",
        "type": "ASK",
        "price": 184.22,
        "quantity": 10103.02,
        "usd_value": 1861178.3444,
        "distance_percent": 0.6501666393487394,
        "size_vs_average": 16.43426538248088,
        "orders_around_price": 38,
        "timestamp": "2025-08-22T09:55:21.688901",
        "rank_in_side": 1,
        "first_seen": "2025-08-22T09:55:21.690594",
        "last_seen": "2025-08-22T09:55:21.690594",
        "is_persistent": false,
        "scan_count": 1,
        "lifetime_minutes": 0
      },
      {
        "symbol": "SOLUSDT",
        "type": "ASK",
        "price": 185.0,
        "quantity": 6127.51,
        "usd_value": 1133589.35,
        "distance_percent": 1.0763262853084188,
        "size_vs_average": 10.00963087105969,
        "orders_around_price": 37,
        "timestamp": "2025-08-22T09:55:21.689034",
        "rank_in_side": 2,
        "first_seen": "2025-08-22T09:55:21.690594",
        "last_seen": "2025-08-22T09:55:21.690594",
        "is_persistent": false,
        "scan_count": 1,
        "lifetime_minutes": 0
      },
      {
        "symbol": "SOLUSDT",
        "type": "ASK",
        "price": 185.22,
        "quantity": 3738.09,
        "usd_value": 692369.0298,
        "distance_percent": 1.196525159809866,
        "size_vs_average": 6.113641077213478,
        "orders_around_price": 37,
        "timestamp": "2025-08-22T09:55:21.689076",
        "rank_in_side": 3,
        "first_seen": "2025-08-22T09:55:21.690594",
        "last_seen": "2025-08-22T09:55:21.690594",
        "is_persistent": false,
        "scan_count": 1,
        "lifetime_minutes": 0
      },
      {
        "symbol": "SOLUSDT",
        "type": "BID",
        "price": 180.0,
        "quantity": 16637.59,
        "usd_value": 2994766.2,
        "distance_percent": -1.6554663169972141,
        "size_vs_average": 26.443883057939914,
        "orders_around_price": 37,
        "timestamp": "2025-08-22T09:55:21.689761",
        "rank_in_side": 1,
        "first_seen": "2025-08-22T09:55:21.690594",
        "last_seen": "2025-08-22T09:55:21.690594",
        "is_persistent": false,
        "scan_count": 1,
        "lifetime_minutes": 0
      },
      {
        "symbol": "SOLUSDT",
        "type": "BID",
        "price": 179.0,
        "quantity": 11174.61,
        "usd_value": 2000255.1900000002,
        "distance_percent": -2.2018248374583407,
        "size_vs_average": 17.662318457580223,
        "orders_around_price": 35,
        "timestamp": "2025-08-22T09:55:21.689936",
        "rank_in_side": 2,
        "first_seen": "2025-08-22T09:55:21.690594",
        "last_seen": "2025-08-22T09:55:21.690594",
        "is_persistent": false,
        "scan_count": 1,
        "lifetime_minutes": 0
      },
      {
        "symbol": "SOLUSDT",
        "type": "BID",
        "price": 179.2,
        "quantity": 7094.64,
        "usd_value": 1271359.488,
        "distance_percent": -2.092553133366122,
        "size_vs_average": 11.226145675503602,
        "orders_around_price": 35,
        "timestamp": "2025-08-22T09:55:21.689893",
        "rank_in_side": 3,
        "first_seen": "2025-08-22T09:55:21.690594",
        "last_seen": "2025-08-22T09:55:21.690594",
        "is_persistent": false,
        "scan_count": 1,
        "lifetime_minutes": 0
      }
    ]
  },
  {
    "symbol": "ENAUSDT",
    "timestamp": "2025-08-22T09:55:24.212451",
    "current_price": 0.6514,
    "volatility_1h": 0.29315601321331297,
    "volume_ratio": 1.0266051143932373,
    "price_movement_5min": 0.06144393241166758,
    "is_round_level": false,
    "orders_count": 3,
    "orders": [
      {
        "symbol": "ENAUSDT",
        "type": "ASK",
        "price": 0.7,
        "quantity": 919879.0,
        "usd_value": 643915.2999999999,
        "distance_percent": 7.460853546208164,
        "size_vs_average": 23.81730981176014,
        "orders_around_price": 14,
        "timestamp": "2025-08-22T09:55:24.211767",
        "rank_in_side": 1,
        "first_seen": "2025-08-22T09:55:24.212842",
        "last_seen": "2025-08-22T09:55:24.212842",
        "is_persistent": false,
        "scan_count": 1,
        "lifetime_minutes": 0
      },
      {
        "symbol": "ENAUSDT",
        "type": "BID",
        "price": 0.62,
        "quantity": 1200326.0,
        "usd_value": 744202.12,
        "distance_percent": -4.820386859072764,
        "size_vs_average": 27.526745294930404,
        "orders_around_price": 13,
        "timestamp": "2025-08-22T09:55:24.212046",
        "rank_in_side": 1,
        "first_seen": "2025-08-22T09:55:24.212842",
        "last_seen": "2025-08-22T09:55:24.212842",
        "is_persistent": false,
        "scan_count": 1,
        "lifetime_minutes": 0
      },
      {
        "symbol": "ENAUSDT",
        "type": "BID",
        "price": 0.6405,
        "quantity": 1012708.0,
        "usd_value": 648639.4739999999,
        "distance_percent": -1.6733190052195306,
        "size_vs_average": 23.99204881200235,
        "orders_around_price": 13,
        "timestamp": "2025-08-22T09:55:24.211900",
        "rank_in_side": 2,
        "first_seen": "2025-08-22T09:55:24.212842",
        "last_seen": "2025-08-22T09:55:24.212842",
        "is_persistent": false,
        "scan_count": 1,
        "lifetime_minutes": 0
      }
    ]
  },
  {
    "symbol": "SUIUSDT",
    "timestamp": "2025-08-22T09:55:23.967311",
    "current_price": 3.4299,
    "volatility_1h": 0.17466497052345156,
    "volume_ratio": 0.9988253847096061,
    "price_movement_5min": 0.04375218760938213,
    "is_round_level": false,
    "orders_count": 1,
    "orders": [
      {
        "symbol": "SUIUSDT",
        "type": "ASK",
        "price": 3.468,
        "quantity": 145730.6,
        "usd_value": 505393.7208,
        "distance_percent": 1.1108195574214998,
        "size_vs_average": 26.346596130925764,
        "orders_around_price": 68,
        "timestamp": "2025-08-22T09:55:23.966981",
        "rank_in_side": 1,
        "first_seen": "2025-08-22T09:55:23.968035",
        "last_seen": "2025-08-22T09:55:23.968035",
        "is_persistent": false,
        "scan_count": 1,
        "lifetime_minutes": 0
      }
    ]
  }
]