[
  {
    "symbol": "LINKUSDT",
    "timestamp": "2025-08-22T04:30:00.447450",
    "current_price": 24.858,
    "volatility_1h": 0.24332552698200374,
    "volume_ratio": 0.9724547265245131,
    "price_movement_5min": -0.05628819556127109,
    "is_round_level": false,
    "orders_count": 1,
    "orders": [
      {
        "symbol": "LINKUSDT",
        "type": "ASK",
        "price": 25.15,
        "quantity": 20854.74,
        "usd_value": 524496.711,
        "distance_percent": 1.1746721377423688,
        "size_vs_average": 29.24135973147808,
        "orders_around_price": 47,
        "timestamp": "2025-08-22T04:30:00.446819",
        "rank_in_side": 1,
        "count": 1
      }
    ]
  },
  {
    "symbol": "XRPUSDT",
    "timestamp": "2025-08-22T04:30:00.452174",
    "current_price": 2.8513,
    "volatility_1h": 0.22128737359198616,
    "volume_ratio": 0.9853388232512406,
    "price_movement_5min": -0.17854642206972626,
    "is_round_level": false,
    "orders_count": 6,
    "orders": [
      {
        "symbol": "XRPUSDT",
        "type": "ASK",
        "price": 2.8767,
        "quantity": 394934.2,
        "usd_value": 1136107.2131400001,
        "distance_percent": 0.8908217304387425,
        "size_vs_average": 17.27635390175624,
        "orders_around_price": 57,
        "timestamp": "2025-08-22T04:30:00.451482",
        "rank_in_side": 1,
        "count": 1
      },
      {
        "symbol": "XRPUSDT",
        "type": "ASK",
        "price": 2.8679,
        "quantity": 283252.1,
        "usd_value": 812338.69759,
        "distance_percent": 0.5821905797355573,
        "size_vs_average": 12.352928196686985,
        "orders_around_price": 57,
        "timestamp": "2025-08-22T04:30:00.451373",
        "rank_in_side": 2,
        "count": 1
      },
      {
        "symbol": "XRPUSDT",
        "type": "ASK",
        "price": 2.8592,
        "quantity": 217597.4,
        "usd_value": 622154.48608,
        "distance_percent": 0.2770666011994457,
        "size_vs_average": 9.460868621171963,
        "orders_around_price": 57,
        "timestamp": "2025-08-22T04:30:00.451173",
        "rank_in_side": 3,
        "count": 1
      },
      {
        "symbol": "XRPUSDT",
        "type": "BID",
        "price": 2.81,
        "quantity": 1288798.5,
        "usd_value": 3621523.785,
        "distance_percent": -1.4484621050047386,
        "size_vs_average": 55.07114632285836,
        "orders_around_price": 57,
        "timestamp": "2025-08-22T04:30:00.452047",
        "rank_in_side": 1,
        "count": 1
      },
      {
        "symbol": "XRPUSDT",
        "type": "BID",
        "price": 2.8267,
        "quantity": 333187.0,
        "usd_value": 941819.6929,
        "distance_percent": -0.8627643531020921,
        "size_vs_average": 14.321896857967323,
        "orders_around_price": 57,
        "timestamp": "2025-08-22T04:30:00.451899",
        "rank_in_side": 2,
        "count": 1
      },
      {
        "symbol": "XRPUSDT",
        "type": "BID",
        "price": 2.8377,
        "quantity": 297367.0,
        "usd_value": 843838.3359,
        "distance_percent": -0.4769754147231185,
        "size_vs_average": 12.831931316222516,
        "orders_around_price": 57,
        "timestamp": "2025-08-22T04:30:00.451702",
        "rank_in_side": 3,
        "count": 1
      }
    ]
  },
  {
    "symbol": "ADAUSDT",
    "timestamp": "2025-08-22T04:30:01.784839",
    "current_price": 0.8505,
    "volatility_1h": 0.2816368889145127,
    "volume_ratio": 0.9814882003350438,
    "price_movement_5min": -0.24630541871921074,
    "is_round_level": true,
    "orders_count": 1,
    "orders": [
      {
        "symbol": "ADAUSDT",
        "type": "BID",
        "price": 0.84,
        "quantity": 613388.0,
        "usd_value": 515245.92,
        "distance_percent": -1.2345679012345754,
        "size_vs_average": 13.832170626903718,
        "orders_around_price": 17,
        "timestamp": "2025-08-22T04:30:01.784505",
        "rank_in_side": 1,
        "count": 1
      }
    ]
  },
  {
    "symbol": "DOGEUSDT",
    "timestamp": "2025-08-22T04:30:06.109975",
    "current_price": 0.21632,
    "volatility_1h": 0.2302496721346441,
    "volume_ratio": 0.9901956593946541,
    "price_movement_5min": -0.013866420152518832,
    "is_round_level": false,
    "orders_count": 1,
    "orders": [
      {
        "symbol": "DOGEUSDT",
        "type": "BID",
        "price": 0.21445,
        "quantity": 2504878.0,
        "usd_value": 537171.0871,
        "distance_percent": -0.8644600591716024,
        "size_vs_average": 10.018562062999326,
        "orders_around_price": 43,
        "timestamp": "2025-08-22T04:30:06.109502",
        "rank_in_side": 1,
        "count": 1
      }
    ]
  },
  {
    "symbol": "KAVAUSDT",
    "timestamp": "2025-08-22T04:30:06.277429",
    "current_price": 0.372,
    "volatility_1h": 0.08290651234064751,
    "volume_ratio": 1.0008085093686354,
    "price_movement_5min": 0.0,
    "is_round_level": false,
    "orders_count": 2,
    "orders": [
      {
        "symbol": "KAVAUSDT",
        "type": "BID",
        "price": 0.3634,
        "quantity": 5851774.4,
        "usd_value": 2126534.81696,
        "distance_percent": -2.3118279569892466,
        "size_vs_average": 305.3333278585262,
        "orders_around_price": 7,
        "timestamp": "2025-08-22T04:30:06.277113",
        "rank_in_side": 1,
        "count": 1
      },
      {
        "symbol": "KAVAUSDT",
        "type": "BID",
        "price": 0.363,
        "quantity": 2694577.1,
        "usd_value": 978131.4873,
        "distance_percent": -2.4193548387096793,
        "size_vs_average": 140.44262982134683,
        "orders_around_price": 7,
        "timestamp": "2025-08-22T04:30:06.277155",
        "rank_in_side": 2,
        "count": 1
      }
    ]
  },
  {
    "symbol": "DOTUSDT",
    "timestamp": "2025-08-22T04:30:07.451489",
    "current_price": 3.796,
    "volatility_1h": 0.19550101107473075,
    "volume_ratio": 0.9901567954472908,
    "price_movement_5min": -0.026336581511728574,
    "is_round_level": false,
    "orders_count": 3,
    "orders": [
      {
        "symbol": "DOTUSDT",
        "type": "BID",
        "price": 3.61,
        "quantity": 314668.3,
        "usd_value": 1135952.5629999998,
        "distance_percent": -4.8998946259220215,
        "size_vs_average": 40.717603138177545,
        "orders_around_price": 7,
        "timestamp": "2025-08-22T04:30:07.451197",
        "rank_in_side": 1,
        "count": 1
      },
      {
        "symbol": "DOTUSDT",
        "type": "BID",
        "price": 3.56,
        "quantity": 307576.7,
        "usd_value": 1094973.0520000001,
        "distance_percent": -6.217070600632239,
        "size_vs_average": 39.24871480600291,
        "orders_around_price": 7,
        "timestamp": "2025-08-22T04:30:07.451245",
        "rank_in_side": 2,
        "count": 1
      },
      {
        "symbol": "DOTUSDT",
        "type": "BID",
        "price": 3.51,
        "quantity": 311027.4,
        "usd_value": 1091706.174,
        "distance_percent": -7.534246575342467,
        "size_vs_average": 39.131615337030766,
        "orders_around_price": 7,
        "timestamp": "2025-08-22T04:30:07.451287",
        "rank_in_side": 3,
        "count": 1
      }
    ]
  },
  {
    "symbol": "SOLUSDT",
    "timestamp": "2025-08-22T04:30:09.108614",
    "current_price": 181.26,
    "volatility_1h": 0.20534530012829155,
    "volume_ratio": 0.9841229119908567,
    "price_movement_5min": 0.0,
    "is_round_level": false,
    "orders_count": 6,
    "orders": [
      {
        "symbol": "SOLUSDT",
        "type": "ASK",
        "price": 183.56,
        "quantity": 8671.71,
        "usd_value": 1591779.0876,
        "distance_percent": 1.268895509213291,
        "size_vs_average": 13.020317845285774,
        "orders_around_price": 37,
        "timestamp": "2025-08-22T04:30:09.107272",
        "rank_in_side": 1,
        "count": 1
      },
      {
        "symbol": "SOLUSDT",
        "type": "ASK",
        "price": 183.0,
        "quantity": 7930.31,
        "usd_value": 1451246.73,
        "distance_percent": 0.959947037404838,
        "size_vs_average": 11.870801572736799,
        "orders_around_price": 38,
        "timestamp": "2025-08-22T04:30:09.107186",
        "rank_in_side": 2,
        "count": 1
      },
      {
        "symbol": "SOLUSDT",
        "type": "ASK",
        "price": 185.0,
        "quantity": 7709.49,
        "usd_value": 1426255.65,
        "distance_percent": 2.0633344367207376,
        "size_vs_average": 11.666381369310471,
        "orders_around_price": 37,
        "timestamp": "2025-08-22T04:30:09.107410",
        "rank_in_side": 3,
        "count": 1
      },
      {
        "symbol": "SOLUSDT",
        "type": "BID",
        "price": 177.0,
        "quantity": 19094.51,
        "usd_value": 3379728.2699999996,
        "distance_percent": -2.3502151605428616,
        "size_vs_average": 27.64525344559365,
        "orders_around_price": 36,
        "timestamp": "2025-08-22T04:30:09.108372",
        "rank_in_side": 1,
        "count": 1
      },
      {
        "symbol": "SOLUSDT",
        "type": "BID",
        "price": 178.0,
        "quantity": 12872.13,
        "usd_value": 2291239.1399999997,
        "distance_percent": -1.7985214608849116,
        "size_vs_average": 18.74170988597377,
        "orders_around_price": 36,
        "timestamp": "2025-08-22T04:30:09.108200",
        "rank_in_side": 2,
        "count": 1
      },
      {
        "symbol": "SOLUSDT",
        "type": "BID",
        "price": 178.02,
        "quantity": 11171.62,
        "usd_value": 1988771.7924000002,
        "distance_percent": -1.787487586891747,
        "size_vs_average": 16.267609657963884,
        "orders_around_price": 36,
        "timestamp": "2025-08-22T04:30:09.108162",
        "rank_in_side": 3,
        "count": 1
      }
    ]
  },
  {
    "symbol": "AVAXUSDT",
    "timestamp": "2025-08-22T04:30:09.987415",
    "current_price": 22.779,
    "volatility_1h": 0.1766847321690764,
    "volume_ratio": 0.9857167518989146,
    "price_movement_5min": 0.030739504654845647,
    "is_round_level": false,
    "orders_count": 2,
    "orders": [
      {
        "symbol": "AVAXUSDT",
        "type": "ASK",
        "price": 22.957,
        "quantity": 34924.0,
        "usd_value": 801750.268,
        "distance_percent": 0.7814214847008245,
        "size_vs_average": 42.27819210811416,
        "orders_around_price": 45,
        "timestamp": "2025-08-22T04:30:09.987025",
        "rank_in_side": 1,
        "count": 1
      },
      {
        "symbol": "AVAXUSDT",
        "type": "BID",
        "price": 22.606,
        "quantity": 33609.0,
        "usd_value": 759765.054,
        "distance_percent": -0.7594714429957341,
        "size_vs_average": 40.06421225174287,
        "orders_around_price": 45,
        "timestamp": "2025-08-22T04:30:09.987140",
        "rank_in_side": 1,
        "count": 1
      }
    ]
  },
  {
    "symbol": "IOTXUSDT",
    "timestamp": "2025-08-22T04:30:19.298325",
    "current_price": 0.02789,
    "volatility_1h": 0.14642517608510958,
    "volume_ratio": 1.0045886356373652,
    "price_movement_5min": -0.03584229390680857,
    "is_round_level": false,
    "orders_count": 3,
    "orders": [
      {
        "symbol": "IOTXUSDT",
        "type": "BID",
        "price": 0.02701,
        "quantity": 61121294.0,
        "usd_value": 1650886.1509399998,
        "distance_percent": -3.1552527787737623,
        "size_vs_average": 303.17783444031136,
        "orders_around_price": 5,
        "timestamp": "2025-08-22T04:30:19.297823",
        "rank_in_side": 1,
        "count": 1
      },
      {
        "symbol": "IOTXUSDT",
        "type": "BID",
        "price": 0.02643,
        "quantity": 35944000.0,
        "usd_value": 949999.9199999999,
        "distance_percent": -5.234851201147375,
        "size_vs_average": 174.46322285765956,
        "orders_around_price": 5,
        "timestamp": "2025-08-22T04:30:19.297878",
        "rank_in_side": 2,
        "count": 1
      },
      {
        "symbol": "IOTXUSDT",
        "type": "BID",
        "price": 0.02513,
        "quantity": 23529956.0,
        "usd_value": 591307.79428,
        "distance_percent": -9.896020078881326,
        "size_vs_average": 108.59102334549962,
        "orders_around_price": 5,
        "timestamp": "2025-08-22T04:30:19.297935",
        "rank_in_side": 3,
        "count": 1
      }
    ]
  },
  {
    "symbol": "USDCUSDT",
    "timestamp": "2025-08-22T04:30:32.777888",
    "current_price": 0.999586,
    "volatility_1h": 4.1683915472093844e-05,
    "volume_ratio": 1.0001126456602036,
    "price_movement_5min": 0.0,
    "is_round_level": false,
    "orders_count": 2,
    "orders": [
      {
        "symbol": "USDCUSDT",
        "type": "ASK",
        "price": 1.01,
        "quantity": 501698.0,
        "usd_value": 506714.98,
        "distance_percent": 1.0418313181657242,
        "size_vs_average": 98.83752257472547,
        "orders_around_price": 25,
        "timestamp": "2025-08-22T04:30:32.777515",
        "rank_in_side": 1,
        "count": 1
      },
      {
        "symbol": "USDCUSDT",
        "type": "BID",
        "price": 0.995,
        "quantity": 530537.0,
        "usd_value": 527884.315,
        "distance_percent": -0.4587899390347583,
        "size_vs_average": 102.96671691185443,
        "orders_around_price": 48,
        "timestamp": "2025-08-22T04:30:32.777626",
        "rank_in_side": 1,
        "count": 1
      }
    ]
  }
]